@InProceedings{cJones2003,
  author = 	 "Jones, C.D. and Smith, A.B. and Roberts, E.F.",
  TITLE   =      "A sample paper in conference proceedings",
  booktitle =    "Proc. IEEE ICASSP",
  year = 	 "2003",
  volume = 	 "II",
  pages = 	 "803-806"
}

@Book{eWilliams1999,
  author =       {E.G. Williams},
  title =        {Fourier Acoustics: Sound Radiation and Nearfield Acoustic Holography},
  publisher =    {Academic Press},
  year =         {1999},
  OPTkey =       {},
  OPTvolume =    {},
  OPTnumber =    {},
  OPTseries =    {},
  address =      {London, UK},
  OPTedition =   {},
  OPTmonth =     {},
  OPTnote =      {},
  OPTannote =    {}
}

@Article{aSmith2000,
  author =       "A.B. Smith and C.D. Jones and E.F. Roberts",
  title =        "A sample paper in journals",
  journal = 	 "IEEE Trans. Signal Process.",
  year = 	 "2000",
  volume = 	 "62",
  pages = 	 "291-294",
  month = 	 "Jan."
}

@Misc{aaspweb,
  howpublished = {\url{http://www.elec.qmul.ac.uk/digitalmusic/sceneseventschallenge/}}
}

@Misc{ieeedjo,
  howpublished = {\url{http://www.ieee.org/portal/pages/pubs/confpubcenter/register.html}}
}

@Misc{ieeecopyright,
  howpublished = {\url{http://www.ieee.org/web/publications/rights/copyrightmain.html}}
}

@Misc{PDFOpenSourceTools,
  howpublished = {Creating high resolution {PDF} files for book
                  production with open source tools,
		  \url{http://www.grassbook.org/neteler/highres_pdf.html}}
}

@Misc{IEEEPDFSpec,
  howpublished = {{PDF} specification for {IEEE} {X}plore,
    \url{http://www.ieee.org/portal/cms_docs/pubs/confstandards/pdfs/IEEE-PDF-SpecV401.pdf}}
}

@Article{silenceRemove,
	author = "Theodoros Giannakopoulos",
	title = "A method for silence removal and segmentation of speech signals, implemented in Matlab",
	note = "Department of Informatics and Telecommunications University of Athens, Greece",
	year ="2009"
}

@Article{segmentFeature,
 	author = "Gordern Wichern, Jiachen Xue, Harvey Thornburg, Brandon Mechtley, and Andrewwas Spanias",
 	title= "Segmentation, Indexing, and Retrieval for Environmental and Natural Sounds",
 	journal = ""IEEE Trans. Signal Process.",
	year = "2010",
 	volume = "18",
	pages = "688-707",
 	month = "March"
}